@article{id,
    title = {the title with an @book},
    year = {1234}
}
