@misc{Abecassis2011,
  author       = {Abecassis, Felix},
  title        = {{OpenCV - Rotation (Deskewing)}},
  url          = {http://felix.abecassis.me/2011/10/opencv-rotation-deskewing/},
  urldate      = {2018-10-27},
  year         = 2011,
}
