@ARTICLE{2010A&A...521A..55C,
   author = {{Caramete}, L.~I. and {Biermann}, P.~L.},
    title = "{The mass function of nearby black hole candidates}",
  journal = {\aap},
archivePrefix = "arXiv",
   eprint = {0908.2764},
 keywords = {black hole physics, galaxies: general, acceleration of particles},
     year = 2010,
    month = oct,
   volume = 521,
      eid = {A55},
    pages = {A55},
      doi = {10.1051/0004-6361/200913146},
   adsurl = {http://adsabs.harvard.edu/abs/2010A%26A...521A..55C},
  adsnote = {Provided by the SAO/NASA Astrophysics Data System}
}

@ARTICLE{2014ApJ...789..124D,
   author = {{Davis}, B.~L. and {Berrier}, J.~C. and {Johns}, L. and {Shields}, D.~W. and 
	{Hartley}, M.~T. and {Kennefick}, D. and {Kennefick}, J. and 
	{Seigar}, M.~S. and {Lacy}, C.~H.~S.},
    title = "{The Black Hole Mass Function Derived from Local Spiral Galaxies}",
  journal = {\apj},
archivePrefix = "arXiv",
   eprint = {1405.5876},
 keywords = {black hole physics, cosmology: miscellaneous, galaxies: evolution, galaxies: spiral},
     year = 2014,
    month = jul,
   volume = 789,
      eid = {124},
    pages = {124},
      doi = {10.1088/0004-637X/789/2/124},
   adsurl = {http://adsabs.harvard.edu/abs/2014ApJ...789..124D},
  adsnote = {Provided by the SAO/NASA Astrophysics Data System}
}

@ARTICLE{2007MNRAS.378..198G,
   author = {{Graham}, A.~W. and {Driver}, S.~P. and {Allen}, P.~D. and {Liske}, J.
	},
    title = "{The Millennium Galaxy Catalogue: the local supermassive black hole mass function in early- and late-type galaxies}",
  journal = {\mnras},
archivePrefix = "arXiv",
   eprint = {0704.0316},
 keywords = {black hole physics, surveys, galaxies: bulges, galaxies: fundamental parameters, galaxies: luminosity function, mass function, galaxies: structure},
     year = 2007,
    month = jun,
   volume = 378,
    pages = {198-210},
      doi = {10.1111/j.1365-2966.2007.11770.x},
   adsurl = {http://adsabs.harvard.edu/abs/2007MNRAS.378..198G},
  adsnote = {Provided by the SAO/NASA Astrophysics Data System}
}

@ARTICLE{2016ApJ...830..117M,
   author = {{Mutlu-Pakdil}, B. and {Seigar}, M.~S. and {Davis}, B.~L.},
    title = "{The Local Black Hole Mass Function Derived from the MBH-P and the MBH-n Relations}",
  journal = {\apj},
archivePrefix = "arXiv",
   eprint = {1607.07325},
 keywords = {galaxies: elliptical and lenticular, cD, galaxies: fundamental parameters, galaxies: nuclei, galaxies: spiral, galaxies: structure },
     year = 2016,
    month = oct,
   volume = 830,
      eid = {117},
    pages = {117},
      doi = {10.3847/0004-637X/830/2/117},
   adsurl = {http://adsabs.harvard.edu/abs/2016ApJ...830..117M},
  adsnote = {Provided by the SAO/NASA Astrophysics Data System}
}

@ARTICLE{2009ApJ...690...20S,
   author = {{Shankar}, F. and {Weinberg}, D.~H. and {Miralda-Escud{\'e}}, J.
	},
    title = "{Self-Consistent Models of the AGN and Black Hole Populations: Duty Cycles, Accretion Rates, and the Mean Radiative Efficiency}",
  journal = {\apj},
archivePrefix = "arXiv",
   eprint = {0710.4488},
 keywords = {cosmology: theory, galaxies: evolution, quasars: general},
     year = 2009,
    month = jan,
   volume = 690,
    pages = {20-41},
      doi = {10.1088/0004-637X/690/1/20},
   adsurl = {http://adsabs.harvard.edu/abs/2009ApJ...690...20S},
  adsnote = {Provided by the SAO/NASA Astrophysics Data System}
}

@ARTICLE{2012ApJ...746..169S,
   author = {{Shen}, Y. and {Kelly}, B.~C.},
    title = "{The Demographics of Broad-line Quasars in the Mass-Luminosity Plane. I. Testing FWHM-based Virial Black Hole Masses}",
  journal = {\apj},
archivePrefix = "arXiv",
   eprint = {1107.4372},
 keywords = {black hole physics, galaxies: active, quasars: general, surveys},
     year = 2012,
    month = feb,
   volume = 746,
      eid = {169},
    pages = {169},
      doi = {10.1088/0004-637X/746/2/169},
   adsurl = {http://adsabs.harvard.edu/abs/2012ApJ...746..169S},
  adsnote = {Provided by the SAO/NASA Astrophysics Data System}
}

@ARTICLE{2009MNRAS.400.1451V,
   author = {{Vika}, M. and {Driver}, S.~P. and {Graham}, A.~W. and {Liske}, J.
	},
    title = "{The Millennium Galaxy Catalogue: the M$_{bh}$-L$_{spheroid}$ derived supermassive black hole mass function}",
  journal = {\mnras},
archivePrefix = "arXiv",
   eprint = {0908.2102},
 keywords = {surveys , galaxies: bulges , galaxies: fundamental parameters , galaxies: luminosity function, mass function , galaxies: nuclei , galaxies: structure},
     year = 2009,
    month = dec,
   volume = 400,
    pages = {1451-1460},
      doi = {10.1111/j.1365-2966.2009.15544.x},
   adsurl = {http://adsabs.harvard.edu/abs/2009MNRAS.400.1451V},
  adsnote = {Provided by the SAO/NASA Astrophysics Data System}
}

@ARTICLE{2013MNRAS.436..697B,
   author = {{Bernardi}, M. and {Meert}, A. and {Sheth}, R.~K. and {Vikram}, V. and 
	{Huertas-Company}, M. and {Mei}, S. and {Shankar}, F.},
    title = "{The massive end of the luminosity and stellar mass functions: dependence on the fit to the light profile}",
  journal = {\mnras},
archivePrefix = "arXiv",
   eprint = {1304.7778},
 keywords = {galaxies: fundamental parameters, galaxies: luminosity function, mass function, galaxies: photometry},
     year = 2013,
    month = nov,
   volume = 436,
    pages = {697-704},
      doi = {10.1093/mnras/stt1607},
   adsurl = {http://adsabs.harvard.edu/abs/2013MNRAS.436..697B},
  adsnote = {Provided by the SAO/NASA Astrophysics Data System}
}

@ARTICLE{2014MNRAS.444.1660B,
   author = {{Bruce}, V.~A. and {Dunlop}, J.~S. and {McLure}, R.~J. and {Cirasuolo}, M. and 
	{Buitrago}, F. and {Bowler}, R.~A.~A. and {Targett}, T.~A. and 
	{Bell}, E.~F. and {McIntosh}, D.~H. and {Dekel}, A. and {Faber}, S.~M. and 
	{Ferguson}, H.~C. and {Grogin}, N.~A. and {Hartley}, W. and 
	{Kocevski}, D.~D. and {Koekemoer}, A.~M. and {Koo}, D.~C. and 
	{McGrath}, E.~J.},
    title = "{The decomposed bulge and disc size-mass relations of massive galaxies at 1 $\lt$ z $\lt$ 3 in CANDELS}",
  journal = {\mnras},
archivePrefix = "arXiv",
   eprint = {1405.5221},
 keywords = {galaxies: elliptical and lenticular, cD, galaxies: evolution, galaxies: high-redshift, galaxies: spiral, galaxies: structure},
     year = 2014,
    month = oct,
   volume = 444,
    pages = {1660-1673},
      doi = {10.1093/mnras/stu1537},
   adsurl = {http://adsabs.harvard.edu/abs/2014MNRAS.444.1660B},
  adsnote = {Provided by the SAO/NASA Astrophysics Data System}
}

@ARTICLE{2015ApJS..221....8H,
   author = {{Huertas-Company}, M. and {Gravet}, R. and {Cabrera-Vives}, G. and 
	{P{\'e}rez-Gonz{\'a}lez}, P.~G. and {Kartaltepe}, J.~S. and 
	{Barro}, G. and {Bernardi}, M. and {Mei}, S. and {Shankar}, F. and 
	{Dimauro}, P. and {Bell}, E.~F. and {Kocevski}, D. and {Koo}, D.~C. and 
	{Faber}, S.~M. and {Mcintosh}, D.~H.},
    title = "{A Catalog of Visual-like Morphologies in the 5 CANDELS Fields Using Deep Learning}",
  journal = {\apjs},
archivePrefix = "arXiv",
   eprint = {1509.05429},
 keywords = {catalogs, galaxies: high-redshift, galaxies: structure, surveys},
     year = 2015,
    month = nov,
   volume = 221,
      eid = {8},
    pages = {8},
      doi = {10.1088/0067-0049/221/1/8},
   adsurl = {http://adsabs.harvard.edu/abs/2015ApJS..221....8H},
  adsnote = {Provided by the SAO/NASA Astrophysics Data System}
}

@ARTICLE{2015ApJS..219...15S,
   author = {{Shibuya}, T. and {Ouchi}, M. and {Harikane}, Y.},
    title = "{Morphologies of {\tilde}190,000 Galaxies at z = 0-10 Revealed with HST Legacy Data. I. Size Evolution}",
  journal = {\apjs},
archivePrefix = "arXiv",
   eprint = {1503.07481},
 keywords = {early universe, galaxies: formation, galaxies: high-redshift},
     year = 2015,
    month = aug,
   volume = 219,
      eid = {15},
    pages = {15},
      doi = {10.1088/0067-0049/219/2/15},
   adsurl = {http://adsabs.harvard.edu/abs/2015ApJS..219...15S},
  adsnote = {Provided by the SAO/NASA Astrophysics Data System}
}

@ARTICLE{2008MNRAS.388..945B,
   author = {{Baldry}, I.~K. and {Glazebrook}, K. and {Driver}, S.~P.},
    title = "{On the galaxy stellar mass function, the mass-metallicity relation and the implied baryonic mass function}",
  journal = {\mnras},
archivePrefix = "arXiv",
   eprint = {0804.2892},
 keywords = {galaxies: evolution , galaxies: fundamental parameters , galaxies: haloes , galaxies: luminosity function, mass function},
     year = 2008,
    month = aug,
   volume = 388,
    pages = {945-959},
      doi = {10.1111/j.1365-2966.2008.13348.x},
   adsurl = {http://adsabs.harvard.edu/abs/2008MNRAS.388..945B},
  adsnote = {Provided by the SAO/NASA Astrophysics Data System}
}

@ARTICLE{2002ApJ...581.1019G,
   author = {{Garnett}, D.~R.},
    title = "{The Luminosity-Metallicity Relation, Effective Yields, and Metal Loss in Spiral and Irregular Galaxies}",
  journal = {\apj},
   eprint = {astro-ph/0209012},
 keywords = {Galaxies: Abundances, Galaxies: Evolution, Galaxies: Irregular, Galaxies: Spiral},
     year = 2002,
    month = dec,
   volume = 581,
    pages = {1019-1031},
      doi = {10.1086/344301},
   adsurl = {http://adsabs.harvard.edu/abs/2002ApJ...581.1019G},
  adsnote = {Provided by the SAO/NASA Astrophysics Data System}
}

@ARTICLE{2005A&A...442..137N,
   author = {{Noordermeer}, E. and {van der Hulst}, J.~M. and {Sancisi}, R. and 
	{Swaters}, R.~A. and {van Albada}, T.~S.},
    title = "{The Westerbork HI survey of spiral and irregular galaxies. III. HI observations of early-type disk galaxies}",
  journal = {\aap},
   eprint = {astro-ph/0508319},
 keywords = {surveys, galaxies: fundamental parameters, galaxies: ISM, galaxies: kinematics and dynamics, galaxies: spiral},
     year = 2005,
    month = oct,
   volume = 442,
    pages = {137-157},
      doi = {10.1051/0004-6361:20053172},
   adsurl = {http://adsabs.harvard.edu/abs/2005A%26A...442..137N},
  adsnote = {Provided by the SAO/NASA Astrophysics Data System}
}

@ARTICLE{2002A&A...390..863S,
   author = {{Swaters}, R.~A. and {Balcells}, M.},
    title = "{The Westerbork HI survey of spiral and irregular galaxies. II. R-band surface photometry of late-type dwarf galaxies}",
  journal = {\aap},
   eprint = {astro-ph/0204526},
 keywords = {surveys, galaxies: dwarf, galaxies: photometry},
     year = 2002,
    month = aug,
   volume = 390,
    pages = {863-878},
      doi = {10.1051/0004-6361:20020449},
   adsurl = {http://adsabs.harvard.edu/abs/2002A%26A...390..863S},
  adsnote = {Provided by the SAO/NASA Astrophysics Data System}
}

@ARTICLE{2015ApJ...803...34B,
   author = {{Bouwens}, R.~J. and {Illingworth}, G.~D. and {Oesch}, P.~A. and 
	{Trenti}, M. and {Labb{\'e}}, I. and {Bradley}, L. and {Carollo}, M. and 
	{van Dokkum}, P.~G. and {Gonzalez}, V. and {Holwerda}, B. and 
	{Franx}, M. and {Spitler}, L. and {Smit}, R. and {Magee}, D.
	},
    title = "{UV Luminosity Functions at Redshifts z {\tilde} 4 to z {\tilde} 10: 10,000 Galaxies from HST Legacy Fields}",
  journal = {\apj},
archivePrefix = "arXiv",
   eprint = {1403.4295},
 keywords = {galaxies: evolution, galaxies: high-redshift},
     year = 2015,
    month = apr,
   volume = 803,
      eid = {34},
    pages = {34},
      doi = {10.1088/0004-637X/803/1/34},
   adsurl = {http://adsabs.harvard.edu/abs/2015ApJ...803...34B},
  adsnote = {Provided by the SAO/NASA Astrophysics Data System}
}

@ARTICLE{2016ApJ...830...67B,
   author = {{Bouwens}, R.~J. and {Oesch}, P.~A. and {Labb{\'e}}, I. and 
	{Illingworth}, G.~D. and {Fazio}, G.~G. and {Coe}, D. and {Holwerda}, B. and 
	{Smit}, R. and {Stefanon}, M. and {van Dokkum}, P.~G. and {Trenti}, M. and 
	{Ashby}, M.~L.~N. and {Huang}, J.-S. and {Spitler}, L. and {Straatman}, C. and 
	{Bradley}, L. and {Magee}, D.},
    title = "{The Bright End of the z {\tilde} 9 and z {\tilde} 10 UV Luminosity Functions Using All Five CANDELS Fields*}",
  journal = {\apj},
archivePrefix = "arXiv",
   eprint = {1506.01035},
 keywords = {galaxies: formation, galaxies: high-redshift},
     year = 2016,
    month = oct,
   volume = 830,
      eid = {67},
    pages = {67},
      doi = {10.3847/0004-637X/830/2/67},
   adsurl = {http://adsabs.harvard.edu/abs/2016ApJ...830...67B},
  adsnote = {Provided by the SAO/NASA Astrophysics Data System}
}

@ARTICLE{2015ApJ...800...18A,
   author = {{Atek}, H. and {Richard}, J. and {Kneib}, J.-P. and {Jauzac}, M. and 
	{Schaerer}, D. and {Clement}, B. and {Limousin}, M. and {Jullo}, E. and 
	{Natarajan}, P. and {Egami}, E. and {Ebeling}, H.},
    title = "{New Constraints on the Faint End of the UV Luminosity Function at z \~{} 7-8 Using the Gravitational Lensing of the Hubble Frontier Fields Cluster A2744}",
  journal = {\apj},
archivePrefix = "arXiv",
   eprint = {1409.0512},
 keywords = {galaxies: evolution, galaxies: high-redshift, galaxies: luminosity function, mass function, gravitational lensing: strong},
     year = 2015,
    month = feb,
   volume = 800,
      eid = {18},
    pages = {18},
      doi = {10.1088/0004-637X/800/1/18},
   adsurl = {http://adsabs.harvard.edu/abs/2015ApJ...800...18A},
  adsnote = {Provided by the SAO/NASA Astrophysics Data System}
}

@ARTICLE{2010A&A...523A..74V,
   author = {{van der Burg}, R.~F.~J. and {Hildebrandt}, H. and {Erben}, T.
	},
    title = "{The UV galaxy luminosity function at z = 3-5 from the CFHT Legacy Survey Deep fields}",
  journal = {\aap},
archivePrefix = "arXiv",
   eprint = {1009.0758},
 keywords = {galaxies: high-redshift, galaxies: luminosity function, mass function, galaxies: evolution},
     year = 2010,
    month = nov,
   volume = 523,
      eid = {A74},
    pages = {A74},
      doi = {10.1051/0004-6361/200913812},
   adsurl = {http://adsabs.harvard.edu/abs/2010A%26A...523A..74V},
  adsnote = {Provided by the SAO/NASA Astrophysics Data System}
}

@ARTICLE{2006ApJ...653..988Y,
   author = {{Yoshida}, M. and {Shimasaku}, K. and {Kashikawa}, N. and {Ouchi}, M. and 
	{Okamura}, S. and {Ajiki}, M. and {Akiyama}, M. and {Ando}, H. and 
	{Aoki}, K. and {Doi}, M. and {Furusawa}, H. and {Hayashino}, T. and 
	{Iwamuro}, F. and {Iye}, M. and {Karoji}, H. and {Kobayashi}, N. and 
	{Kodaira}, K. and {Kodama}, T. and {Komiyama}, Y. and {Malkan}, M.~A. and 
	{Matsuda}, Y. and {Miyazaki}, S. and {Mizumoto}, Y. and {Morokuma}, T. and 
	{Motohara}, K. and {Murayama}, T. and {Nagao}, T. and {Nariai}, K. and 
	{Ohta}, K. and {Sasaki}, T. and {Sato}, Y. and {Sekiguchi}, K. and 
	{Shioya}, Y. and {Tamura}, H. and {Taniguchi}, Y. and {Umemura}, M. and 
	{Yamada}, T. and {Yasuda}, N.},
    title = "{Luminosity Functions of Lyman Break Galaxies at z\~{}4 and z\~{}5 in the Subaru Deep Field}",
  journal = {\apj},
   eprint = {astro-ph/0608512},
 keywords = {Cosmology: Observations, Galaxies: Evolution, Galaxies: High-Redshift, Galaxies: Luminosity Function, Mass Function},
     year = 2006,
    month = dec,
   volume = 653,
    pages = {988-1003},
      doi = {10.1086/508621},
   adsurl = {http://adsabs.harvard.edu/abs/2006ApJ...653..988Y},
  adsnote = {Provided by the SAO/NASA Astrophysics Data System}
}

@ARTICLE{2009ApJ...692..778R,
   author = {{Reddy}, N.~A. and {Steidel}, C.~C.},
    title = "{A Steep Faint-End Slope of the UV Luminosity Function at z \~{} 2-3: Implications for the Global Stellar Mass Density and Star Formation in Low-Mass Halos}",
  journal = {\apj},
archivePrefix = "arXiv",
   eprint = {0810.2788},
 keywords = {galaxies: evolution, galaxies: formation, galaxies: high-redshift, galaxies: luminosity function, mass function},
     year = 2009,
    month = feb,
   volume = 692,
    pages = {778-803},
      doi = {10.1088/0004-637X/692/1/778},
   adsurl = {http://adsabs.harvard.edu/abs/2009ApJ...692..778R},
  adsnote = {Provided by the SAO/NASA Astrophysics Data System}
}

@ARTICLE{2006ApJ...642..653S,
   author = {{Sawicki}, M. and {Thompson}, D.},
    title = "{Keck Deep Fields. II. The Ultraviolet Galaxy Luminosity Function at z \~{} 4, 3, and 2}",
  journal = {\apj},
   eprint = {astro-ph/0507519},
 keywords = {Galaxies: Evolution, Galaxies: Formation, Galaxies: High-Redshift, Galaxies: Starburst},
     year = 2006,
    month = may,
   volume = 642,
    pages = {653-672},
      doi = {10.1086/500999},
   adsurl = {http://adsabs.harvard.edu/abs/2006ApJ...642..653S},
  adsnote = {Provided by the SAO/NASA Astrophysics Data System}
}


@ARTICLE{2012MNRAS.421..621B,
   author = {{Baldry}, I.~K. and {Driver}, S.~P. and {Loveday}, J. and {Taylor}, E.~N. and 
	{Kelvin}, L.~S. and {Liske}, J. and {Norberg}, P. and {Robotham}, A.~S.~G. and 
	{Brough}, S. and {Hopkins}, A.~M. and {Bamford}, S.~P. and {Peacock}, J.~A. and 
	{Bland-Hawthorn}, J. and {Conselice}, C.~J. and {Croom}, S.~M. and 
	{Jones}, D.~H. and {Parkinson}, H.~R. and {Popescu}, C.~C. and 
	{Prescott}, M. and {Sharp}, R.~G. and {Tuffs}, R.~J.},
    title = "{Galaxy And Mass Assembly (GAMA): the galaxy stellar mass function at z $\lt$ 0.06}",
  journal = {\mnras},
archivePrefix = "arXiv",
   eprint = {1111.5707},
 keywords = {galaxies: distances and redshifts, galaxies: fundamental parameters, galaxies: luminosity function, mass function},
     year = 2012,
    month = mar,
   volume = 421,
    pages = {621-634},
      doi = {10.1111/j.1365-2966.2012.20340.x},
   adsurl = {http://adsabs.harvard.edu/abs/2012MNRAS.421..621B},
  adsnote = {Provided by the SAO/NASA Astrophysics Data System}
}

@ARTICLE{2001MNRAS.326..255C,
   author = {{Cole}, S. and {Norberg}, P. and {Baugh}, C.~M. and {Frenk}, C.~S. and 
	{Bland-Hawthorn}, J. and {Bridges}, T. and {Cannon}, R. and 
	{Colless}, M. and {Collins}, C. and {Couch}, W. and {Cross}, N. and 
	{Dalton}, G. and {De Propris}, R. and {Driver}, S.~P. and {Efstathiou}, G. and 
	{Ellis}, R.~S. and {Glazebrook}, K. and {Jackson}, C. and {Lahav}, O. and 
	{Lewis}, I. and {Lumsden}, S. and {Maddox}, S. and {Madgwick}, D. and 
	{Peacock}, J.~A. and {Peterson}, B.~A. and {Sutherland}, W. and 
	{Taylor}, K.},
    title = "{The 2dF galaxy redshift survey: near-infrared galaxy luminosity functions}",
  journal = {\mnras},
   eprint = {astro-ph/0012429},
 keywords = {SURVEYS, GALAXIES: LUMINOSITY FUNCTION, MASS FUNCTION, INFRARED: GALAXIES},
     year = 2001,
    month = sep,
   volume = 326,
    pages = {255-273},
      doi = {10.1046/j.1365-8711.2001.04591.x},
   adsurl = {http://adsabs.harvard.edu/abs/2001MNRAS.326..255C},
  adsnote = {Provided by the SAO/NASA Astrophysics Data System}
}

@ARTICLE{2009ApJ...707.1595D,
   author = {{Drory}, N. and {Bundy}, K. and {Leauthaud}, A. and {Scoville}, N. and 
	{Capak}, P. and {Ilbert}, O. and {Kartaltepe}, J.~S. and {Kneib}, J.~P. and 
	{McCracken}, H.~J. and {Salvato}, M. and {Sanders}, D.~B. and 
	{Thompson}, D. and {Willott}, C.~J.},
    title = "{The Bimodal Galaxy Stellar Mass Function in the COSMOS Survey to z \~{} 1: A Steep Faint End and a New Galaxy Dichotomy}",
  journal = {\apj},
archivePrefix = "arXiv",
   eprint = {0910.5720},
 keywords = {cosmology: observations, galaxies: evolution, galaxies: luminosity function, mass function, surveys},
     year = 2009,
    month = dec,
   volume = 707,
    pages = {1595-1609},
      doi = {10.1088/0004-637X/707/2/1595},
   adsurl = {http://adsabs.harvard.edu/abs/2009ApJ...707.1595D},
  adsnote = {Provided by the SAO/NASA Astrophysics Data System}
}

@ARTICLE{2009ApJ...701.1765M,
   author = {{Marchesini}, D. and {van Dokkum}, P.~G. and {F{\"o}rster Schreiber}, N.~M. and 
	{Franx}, M. and {Labb{\'e}}, I. and {Wuyts}, S.},
    title = "{The Evolution of the Stellar Mass Function of Galaxies from z = 4.0 and the First Comprehensive Analysis of its Uncertainties: Evidence for Mass-Dependent Evolution}",
  journal = {\apj},
archivePrefix = "arXiv",
   eprint = {0811.1773},
 keywords = {galaxies: distances and redshifts, galaxies: evolution, galaxies: formation, galaxies: fundamental parameters, galaxies: high-redshift, galaxies: luminosity function, mass function, galaxies: stellar content, infrared: galaxies},
     year = 2009,
    month = aug,
   volume = 701,
    pages = {1765-1796},
      doi = {10.1088/0004-637X/701/2/1765},
   adsurl = {http://adsabs.harvard.edu/abs/2009ApJ...701.1765M},
  adsnote = {Provided by the SAO/NASA Astrophysics Data System}
}

@ARTICLE{2011MNRAS.413.2845M,
   author = {{Mortlock}, A. and {Conselice}, C.~J. and {Bluck}, A.~F.~L. and 
	{Bauer}, A.~E. and {Gr{\"u}tzbauch}, R. and {Buitrago}, F. and 
	{Ownsworth}, J.},
    title = "{A deep probe of the galaxy stellar mass functions at z{\tilde} 1-3 with the GOODS NICMOS Survey}",
  journal = {\mnras},
archivePrefix = "arXiv",
   eprint = {1101.2867},
 keywords = {galaxies: evolution, galaxies: general, galaxies: luminosity function, mass function},
     year = 2011,
    month = jun,
   volume = 413,
    pages = {2845-2859},
      doi = {10.1111/j.1365-2966.2011.18357.x},
   adsurl = {http://adsabs.harvard.edu/abs/2011MNRAS.413.2845M},
  adsnote = {Provided by the SAO/NASA Astrophysics Data System}
}

@ARTICLE{2017ApJ...843...36S,
   author = {{Stefanon}, M. and {Bouwens}, R.~J. and {Labb{\'e}}, I. and 
	{Muzzin}, A. and {Marchesini}, D. and {Oesch}, P. and {Gonzalez}, V.
	},
    title = "{The Rest-frame Optical (900 nm) Galaxy Luminosity Function at z {\tilde} 4-7: Abundance Matching Points to Limited Evolution in the M $_{STAR}$/M $_{HALO}$ Ratio at z {\ge} 4}",
  journal = {\apj},
archivePrefix = "arXiv",
   eprint = {1611.09354},
 keywords = {galaxies: evolution, galaxies: formation, galaxies: high-redshift, galaxies: luminosity function, mass function},
     year = 2017,
    month = jul,
   volume = 843,
      eid = {36},
    pages = {36},
      doi = {10.3847/1538-4357/aa72d8},
   adsurl = {http://adsabs.harvard.edu/abs/2017ApJ...843...36S},
  adsnote = {Provided by the SAO/NASA Astrophysics Data System}
}

@ARTICLE{2016MNRAS.459...44T,
   author = {{Thanjavur}, K. and {Simard}, L. and {Bluck}, A.~F.~L. and {Mendel}, T.
	},
    title = "{Stellar mass functions of galaxies, discs and spheroids at z {\tilde} 0.1}",
  journal = {\mnras},
archivePrefix = "arXiv",
   eprint = {1602.08674},
 keywords = {miscellaneous, astronomical data bases: miscellaneous, galaxies: fundamental parameters, galaxies: luminosity function, mass function, galaxies: statistics, galaxies: stellar content},
     year = 2016,
    month = jun,
   volume = 459,
    pages = {44-69},
      doi = {10.1093/mnras/stw495},
   adsurl = {http://adsabs.harvard.edu/abs/2016MNRAS.459...44T},
  adsnote = {Provided by the SAO/NASA Astrophysics Data System}
}

@ARTICLE{2015A&A...575A..96G,
   author = {{Grazian}, A. and {Fontana}, A. and {Santini}, P. and {Dunlop}, J.~S. and 
	{Ferguson}, H.~C. and {Castellano}, M. and {Amorin}, R. and 
	{Ashby}, M.~L.~N. and {Barro}, G. and {Behroozi}, P. and {Boutsia}, K. and 
	{Caputi}, K.~I. and {Chary}, R.~R. and {Dekel}, A. and {Dickinson}, M.~E. and 
	{Faber}, S.~M. and {Fazio}, G.~G. and {Finkelstein}, S.~L. and 
	{Galametz}, A. and {Giallongo}, E. and {Giavalisco}, M. and 
	{Grogin}, N.~A. and {Guo}, Y. and {Kocevski}, D. and {Koekemoer}, A.~M. and 
	{Koo}, D.~C. and {Lee}, K.-S. and {Lu}, Y. and {Merlin}, E. and 
	{Mobasher}, B. and {Nonino}, M. and {Papovich}, C. and {Paris}, D. and 
	{Pentericci}, L. and {Reddy}, N. and {Renzini}, A. and {Salmon}, B. and 
	{Salvato}, M. and {Sommariva}, V. and {Song}, M. and {Vanzella}, E.
	},
    title = "{The galaxy stellar mass function at 3.5 {\le}z {\le} 7.5 in the CANDELS/UDS, GOODS-South, and HUDF fields}",
  journal = {\aap},
archivePrefix = "arXiv",
   eprint = {1412.0532},
 keywords = {galaxies: luminosity function, mass function, galaxies: distances and redshifts, galaxies: evolution, galaxies: high-redshift},
     year = 2015,
    month = mar,
   volume = 575,
      eid = {A96},
    pages = {A96},
      doi = {10.1051/0004-6361/201424750},
   adsurl = {http://adsabs.harvard.edu/abs/2015A%26A...575A..96G},
  adsnote = {Provided by the SAO/NASA Astrophysics Data System}
}


@ARTICLE{2011ApJ...735L..34G,
   author = {{Gonz{\'a}lez}, V. and {Labb{\'e}}, I. and {Bouwens}, R.~J. and 
	{Illingworth}, G. and {Franx}, M. and {Kriek}, M.},
    title = "{Evolution of Galaxy Stellar Mass Functions, Mass Densities, and Mass-to-light Ratios from z \~{} 7 to z \~{} 4}",
  journal = {\apjl},
archivePrefix = "arXiv",
   eprint = {1008.3901},
 keywords = {galaxies: evolution, galaxies: high-redshift},
     year = 2011,
    month = jul,
   volume = 735,
      eid = {L34},
    pages = {L34},
      doi = {10.1088/2041-8205/735/2/L34},
   adsurl = {http://adsabs.harvard.edu/abs/2011ApJ...735L..34G},
  adsnote = {Provided by the SAO/NASA Astrophysics Data System}
}

@ARTICLE{2014MNRAS.444.2960D,
   author = {{Duncan}, K. and {Conselice}, C.~J. and {Mortlock}, A. and {Hartley}, W.~G. and 
	{Guo}, Y. and {Ferguson}, H.~C. and {Dav{\'e}}, R. and {Lu}, Y. and 
	{Ownsworth}, J. and {Ashby}, M.~L.~N. and {Dekel}, A. and {Dickinson}, M. and 
	{Faber}, S. and {Giavalisco}, M. and {Grogin}, N. and {Kocevski}, D. and 
	{Koekemoer}, A. and {Somerville}, R.~S. and {White}, C.~E.},
    title = "{The mass evolution of the first galaxies: stellar mass functions and star formation rates at 4 $\lt$ z $\lt$ 7 in the CANDELS GOODS-South field}",
  journal = {\mnras},
archivePrefix = "arXiv",
   eprint = {1408.2527},
 keywords = {galaxies: evolution, galaxies: formation, galaxies: high-redshift, galaxies: luminosity function, mass function},
     year = 2014,
    month = nov,
   volume = 444,
    pages = {2960-2984},
      doi = {10.1093/mnras/stu1622},
   adsurl = {http://adsabs.harvard.edu/abs/2014MNRAS.444.2960D},
  adsnote = {Provided by the SAO/NASA Astrophysics Data System}
}

@ARTICLE{2015MNRAS.448.3001K,
   author = {{Katsianis}, A. and {Tescari}, E. and {Wyithe}, J.~S.~B.},
    title = "{The stellar mass function and star formation rate-stellar mass relation of galaxies at z {\tilde} 4-7}",
  journal = {\mnras},
archivePrefix = "arXiv",
   eprint = {1312.4964},
 keywords = {methods: numerical, galaxies: evolution, galaxies: formation, cosmology: theory},
     year = 2015,
    month = apr,
   volume = 448,
    pages = {3001-3021},
      doi = {10.1093/mnras/stv160},
   adsurl = {http://adsabs.harvard.edu/abs/2015MNRAS.448.3001K},
  adsnote = {Provided by the SAO/NASA Astrophysics Data System}
}
@ARTICLE{2016ApJ...825....5S,
   author = {{Song}, M. and {Finkelstein}, S.~L. and {Ashby}, M.~L.~N. and 
	{Grazian}, A. and {Lu}, Y. and {Papovich}, C. and {Salmon}, B. and 
	{Somerville}, R.~S. and {Dickinson}, M. and {Duncan}, K. and 
	{Faber}, S.~M. and {Fazio}, G.~G. and {Ferguson}, H.~C. and 
	{Fontana}, A. and {Guo}, Y. and {Hathi}, N. and {Lee}, S.-K. and 
	{Merlin}, E. and {Willner}, S.~P.},
    title = "{The Evolution of the Galaxy Stellar Mass Function at z = 4-8: A Steepening Low-mass-end Slope with Increasing Redshift}",
  journal = {\apj},
archivePrefix = "arXiv",
   eprint = {1507.05636},
 keywords = {galaxies: evolution, galaxies: formation, galaxies: high-redshift, galaxies: luminosity function, mass function},
     year = 2016,
    month = jul,
   volume = 825,
      eid = {5},
    pages = {5},
      doi = {10.3847/0004-637X/825/1/5},
   adsurl = {http://adsabs.harvard.edu/abs/2016ApJ...825....5S},
  adsnote = {Provided by the SAO/NASA Astrophysics Data System}
}

@ARTICLE{2017A&A...605A..70D,
   author = {{Davidzon}, I. and {Ilbert}, O. and {Laigle}, C. and {Coupon}, J. and 
	{McCracken}, H.~J. and {Delvecchio}, I. and {Masters}, D. and 
	{Capak}, P. and {Hsieh}, B.~C. and {Le F{\`e}vre}, O. and {Tresse}, L. and 
	{Bethermin}, M. and {Chang}, Y.-Y. and {Faisst}, A.~L. and {Le Floc'h}, E. and 
	{Steinhardt}, C. and {Toft}, S. and {Aussel}, H. and {Dubois}, C. and 
	{Hasinger}, G. and {Salvato}, M. and {Sanders}, D.~B. and {Scoville}, N. and 
	{Silverman}, J.~D.},
    title = "{The COSMOS2015 galaxy stellar mass function . Thirteen billion years of stellar mass assembly in ten snapshots}",
  journal = {\aap},
archivePrefix = "arXiv",
   eprint = {1701.02734},
 keywords = {galaxies: evolution, galaxies: luminosity function, mass function, galaxies: statistics, galaxies: high-redshift},
     year = 2017,
    month = sep,
   volume = 605,
      eid = {A70},
    pages = {A70},
      doi = {10.1051/0004-6361/201730419},
   adsurl = {http://adsabs.harvard.edu/abs/2017A%26A...605A..70D},
  adsnote = {Provided by the SAO/NASA Astrophysics Data System}
}

@ARTICLE{2012A&A...538A..33S,
   author = {{Santini}, P. and {Fontana}, A. and {Grazian}, A. and {Salimbeni}, S. and 
	{Fontanot}, F. and {Paris}, D. and {Boutsia}, K. and {Castellano}, M. and 
	{Fiore}, F. and {Gallozzi}, S. and {Giallongo}, E. and {Koekemoer}, A.~M. and 
	{Menci}, N. and {Pentericci}, L. and {Somerville}, R.~S.},
    title = "{The evolving slope of the stellar mass function at 0.6 {\le} z $\lt$ 4.5 from deep WFC3 data}",
  journal = {\aap},
archivePrefix = "arXiv",
   eprint = {1111.5728},
 keywords = {galaxies: luminosity function, mass function, galaxies: evolution, galaxies: high-redshift, galaxies: fundamental parameters},
     year = 2012,
    month = feb,
   volume = 538,
      eid = {A33},
    pages = {A33},
      doi = {10.1051/0004-6361/201117513},
   adsurl = {http://adsabs.harvard.edu/abs/2012A%26A...538A..33S},
  adsnote = {Provided by the SAO/NASA Astrophysics Data System}
}

@ARTICLE{2013A&A...556A..55I,
   author = {{Ilbert}, O. and {McCracken}, H.~J. and {Le F{\`e}vre}, O. and 
	{Capak}, P. and {Dunlop}, J. and {Karim}, A. and {Renzini}, M.~A. and 
	{Caputi}, K. and {Boissier}, S. and {Arnouts}, S. and {Aussel}, H. and 
	{Comparat}, J. and {Guo}, Q. and {Hudelot}, P. and {Kartaltepe}, J. and 
	{Kneib}, J.~P. and {Krogager}, J.~K. and {Le Floc'h}, E. and 
	{Lilly}, S. and {Mellier}, Y. and {Milvang-Jensen}, B. and {Moutard}, T. and 
	{Onodera}, M. and {Richard}, J. and {Salvato}, M. and {Sanders}, D.~B. and 
	{Scoville}, N. and {Silverman}, J.~D. and {Taniguchi}, Y. and 
	{Tasca}, L. and {Thomas}, R. and {Toft}, S. and {Tresse}, L. and 
	{Vergani}, D. and {Wolk}, M. and {Zirm}, A.},
    title = "{Mass assembly in quiescent and star-forming galaxies since z {\sime} 4 from UltraVISTA}",
  journal = {\aap},
archivePrefix = "arXiv",
   eprint = {1301.3157},
 keywords = {galaxies: distances and redshifts, galaxies: evolution, galaxies: formation, galaxies: star formation, galaxies: stellar content},
     year = 2013,
    month = aug,
   volume = 556,
      eid = {A55},
    pages = {A55},
      doi = {10.1051/0004-6361/201321100},
   adsurl = {http://adsabs.harvard.edu/abs/2013A%26A...556A..55I},
  adsnote = {Provided by the SAO/NASA Astrophysics Data System}
}

@ARTICLE{2013ApJ...777...18M,
   author = {{Muzzin}, A. and {Marchesini}, D. and {Stefanon}, M. and {Franx}, M. and 
	{McCracken}, H.~J. and {Milvang-Jensen}, B. and {Dunlop}, J.~S. and 
	{Fynbo}, J.~P.~U. and {Brammer}, G. and {Labb{\'e}}, I. and 
	{van Dokkum}, P.~G.},
    title = "{The Evolution of the Stellar Mass Functions of Star-forming and Quiescent Galaxies to z = 4 from the COSMOS/UltraVISTA Survey}",
  journal = {\apj},
archivePrefix = "arXiv",
   eprint = {1303.4409},
 keywords = {galaxies: evolution, galaxies: fundamental parameters, galaxies: high-redshift, galaxies: luminosity function, mass function},
     year = 2013,
    month = nov,
   volume = 777,
      eid = {18},
    pages = {18},
      doi = {10.1088/0004-637X/777/1/18},
   adsurl = {http://adsabs.harvard.edu/abs/2013ApJ...777...18M},
  adsnote = {Provided by the SAO/NASA Astrophysics Data System}
}

@ARTICLE{2016MNRAS.462.4495H,
   author = {{Huertas-Company}, M. and {Bernardi}, M. and {P{\'e}rez-Gonz{\'a}lez}, P.~G. and 
	{Ashby}, M.~L.~N. and {Barro}, G. and {Conselice}, C. and {Daddi}, E. and 
	{Dekel}, A. and {Dimauro}, P. and {Faber}, S.~M. and {Grogin}, N.~A. and 
	{Kartaltepe}, J.~S. and {Kocevski}, D.~D. and {Koekemoer}, A.~M. and 
	{Koo}, D.~C. and {Mei}, S. and {Shankar}, F.},
    title = "{Mass assembly and morphological transformations since z {\tilde} 3 from CANDELS}",
  journal = {\mnras},
archivePrefix = "arXiv",
   eprint = {1606.04952},
 keywords = {galaxies: abundances, galaxies: evolution, galaxies: high-redshift, galaxies: structure},
     year = 2016,
    month = nov,
   volume = 462,
    pages = {4495-4516},
      doi = {10.1093/mnras/stw1866},
   adsurl = {http://adsabs.harvard.edu/abs/2016MNRAS.462.4495H},
  adsnote = {Provided by the SAO/NASA Astrophysics Data System}
}

@ARTICLE{2014ApJ...783...85T,
   author = {{Tomczak}, A.~R. and {Quadri}, R.~F. and {Tran}, K.-V.~H. and 
	{Labb{\'e}}, I. and {Straatman}, C.~M.~S. and {Papovich}, C. and 
	{Glazebrook}, K. and {Allen}, R. and {Brammer}, G.~B. and {Kacprzak}, G.~G. and 
	{Kawinwanichakij}, L. and {Kelson}, D.~D. and {McCarthy}, P.~J. and 
	{Mehrtens}, N. and {Monson}, A.~J. and {Persson}, S.~E. and 
	{Spitler}, L.~R. and {Tilvi}, V. and {van Dokkum}, P.},
    title = "{Galaxy Stellar Mass Functions from ZFOURGE/CANDELS: An Excess of Low-mass Galaxies since z = 2 and the Rapid Buildup of Quiescent Galaxies}",
  journal = {\apj},
archivePrefix = "arXiv",
   eprint = {1309.5972},
 keywords = {galaxies: evolution, galaxies: high-redshift, galaxies: luminosity function, mass function},
     year = 2014,
    month = mar,
   volume = 783,
      eid = {85},
    pages = {85},
      doi = {10.1088/0004-637X/783/2/85},
   adsurl = {http://adsabs.harvard.edu/abs/2014ApJ...783...85T},
  adsnote = {Provided by the SAO/NASA Astrophysics Data System}
}

@ARTICLE{2007A&A...474..443P,
   author = {{Pozzetti}, L. and {Bolzonella}, M. and {Lamareille}, F. and 
	{Zamorani}, G. and {Franzetti}, P. and {Le F{\`e}vre}, O. and 
	{Iovino}, A. and {Temporin}, S. and {Ilbert}, O. and {Arnouts}, S. and 
	{Charlot}, S. and {Brinchmann}, J. and {Zucca}, E. and {Tresse}, L. and 
	{Scodeggio}, M. and {Guzzo}, L. and {Bottini}, D. and {Garilli}, B. and 
	{Le Brun}, V. and {Maccagni}, D. and {Picat}, J.~P. and {Scaramella}, R. and 
	{Vettolani}, G. and {Zanichelli}, A. and {Adami}, C. and {Bardelli}, S. and 
	{Cappi}, A. and {Ciliegi}, P. and {Contini}, T. and {Foucaud}, S. and 
	{Gavignaud}, I. and {McCracken}, H.~J. and {Marano}, B. and 
	{Marinoni}, C. and {Mazure}, A. and {Meneux}, B. and {Merighi}, R. and 
	{Paltani}, S. and {Pell{\`o}}, R. and {Pollo}, A. and {Radovich}, M. and 
	{Bondi}, M. and {Bongiorno}, A. and {Cucciati}, O. and {de la Torre}, S. and 
	{Gregorini}, L. and {Mellier}, Y. and {Merluzzi}, P. and {Vergani}, D. and 
	{Walcher}, C.~J.},
    title = "{The VIMOS VLT Deep Survey. The assembly history of the stellar mass in galaxies: from the young to the old universe}",
  journal = {\aap},
archivePrefix = "arXiv",
   eprint = {0704.1600},
 keywords = {Galaxy: evolution, galaxies: luminosity function, mass function, galaxies:, statistics, surveys},
     year = 2007,
    month = nov,
   volume = 474,
    pages = {443-459},
      doi = {10.1051/0004-6361:20077609},
   adsurl = {http://adsabs.harvard.edu/abs/2007A%26A...474..443P},
  adsnote = {Provided by the SAO/NASA Astrophysics Data System}
}

@ARTICLE{2011MNRAS.413..162C,
   author = {{Caputi}, K.~I. and {Cirasuolo}, M. and {Dunlop}, J.~S. and 
	{McLure}, R.~J. and {Farrah}, D. and {Almaini}, O.},
    title = "{The stellar mass function of the most-massive galaxies at 3 {\le}z $\lt$ 5 in the UKIDSS Ultra Deep Survey}",
  journal = {\mnras},
archivePrefix = "arXiv",
   eprint = {1008.5244},
 keywords = {galaxies: luminosity function, mass function, galaxies: statistics, infrared: galaxies},
     year = 2011,
    month = may,
   volume = 413,
    pages = {162-176},
      doi = {10.1111/j.1365-2966.2010.18118.x},
   adsurl = {http://adsabs.harvard.edu/abs/2011MNRAS.413..162C},
  adsnote = {Provided by the SAO/NASA Astrophysics Data System}
}


@ARTICLE{2009ApJ...702.1393K,
   author = {{Kajisawa}, M. and {Ichikawa}, T. and {Tanaka}, I. and {Konishi}, M. and 
	{Yamada}, T. and {Akiyama}, M. and {Suzuki}, R. and {Tokoku}, C. and 
	{Uchimoto}, Y.~K. and {Yoshikawa}, T. and {Ouchi}, M. and {Iwata}, I. and 
	{Hamana}, T. and {Onodera}, M.},
    title = "{MOIRCS Deep Survey. IV. Evolution of Galaxy Stellar Mass Function Back to z \~{} 3}",
  journal = {\apj},
archivePrefix = "arXiv",
   eprint = {0907.0133},
 primaryClass = "astro-ph.CO",
 keywords = {galaxies: evolution, galaxies: high-redshift, infrared: galaxies},
     year = 2009,
    month = sep,
   volume = 702,
    pages = {1393-1412},
      doi = {10.1088/0004-637X/702/2/1393},
   adsurl = {http://adsabs.harvard.edu/abs/2009ApJ...702.1393K},
  adsnote = {Provided by the SAO/NASA Astrophysics Data System}
}

@ARTICLE{2008ApJ...675..234P,
   author = {{P{\'e}rez-Gonz{\'a}lez}, P.~G. and {Rieke}, G.~H. and {Villar}, V. and 
	{Barro}, G. and {Blaylock}, M. and {Egami}, E. and {Gallego}, J. and 
	{Gil de Paz}, A. and {Pascual}, S. and {Zamorano}, J. and {Donley}, J.~L.
	},
    title = "{The Stellar Mass Assembly of Galaxies from z = 0 to z = 4: Analysis of a Sample Selected in the Rest-Frame Near-Infrared with Spitzer}",
  journal = {\apj},
archivePrefix = "arXiv",
   eprint = {0709.1354},
 keywords = {galaxies: evolution, galaxies: high-redshift, galaxies: photometry, galaxies: starburst, infrared: galaxies},
     year = 2008,
    month = mar,
   volume = 675,
      eid = {234-261},
    pages = {234-261},
      doi = {10.1086/523690},
   adsurl = {http://adsabs.harvard.edu/abs/2008ApJ...675..234P},
  adsnote = {Provided by the SAO/NASA Astrophysics Data System}
}

@ARTICLE{2010A&A...523A..13P,
   author = {{Pozzetti}, L. and {Bolzonella}, M. and {Zucca}, E. and {Zamorani}, G. and 
	{Lilly}, S. and {Renzini}, A. and {Moresco}, M. and {Mignoli}, M. and 
	{Cassata}, P. and {Tasca}, L. and {Lamareille}, F. and {Maier}, C. and 
	{Meneux}, B. and {Halliday}, C. and {Oesch}, P. and {Vergani}, D. and 
	{Caputi}, K. and {Kova{\v c}}, K. and {Cimatti}, A. and {Cucciati}, O. and 
	{Iovino}, A. and {Peng}, Y. and {Carollo}, M. and {Contini}, T. and 
	{Kneib}, J.-P. and {Le F{\'e}vre}, O. and {Mainieri}, V. and 
	{Scodeggio}, M. and {Bardelli}, S. and {Bongiorno}, A. and {Coppa}, G. and 
	{de la Torre}, S. and {de Ravel}, L. and {Franzetti}, P. and 
	{Garilli}, B. and {Kampczyk}, P. and {Knobel}, C. and {Le Borgne}, J.-F. and 
	{Le Brun}, V. and {Pell{\`o}}, R. and {Perez Montero}, E. and 
	{Ricciardelli}, E. and {Silverman}, J.~D. and {Tanaka}, M. and 
	{Tresse}, L. and {Abbas}, U. and {Bottini}, D. and {Cappi}, A. and 
	{Guzzo}, L. and {Koekemoer}, A.~M. and {Leauthaud}, A. and {Maccagni}, D. and 
	{Marinoni}, C. and {McCracken}, H.~J. and {Memeo}, P. and {Porciani}, C. and 
	{Scaramella}, R. and {Scarlata}, C. and {Scoville}, N.},
    title = "{zCOSMOS - 10k-bright spectroscopic sample. The bimodality in the galaxy stellar mass function: exploring its evolution with redshift}",
  journal = {\aap},
archivePrefix = "arXiv",
   eprint = {0907.5416},
 keywords = {galaxies: evolution, galaxies: luminosity function, mass function, galaxies:, statistics, galaxies: formation},
     year = 2010,
    month = nov,
   volume = 523,
      eid = {A13},
    pages = {A13},
      doi = {10.1051/0004-6361/200913020},
   adsurl = {http://adsabs.harvard.edu/abs/2010A%26A...523A..13P},
  adsnote = {Provided by the SAO/NASA Astrophysics Data System}
}

@ARTICLE{2009ApJ...695..900Y,
   author = {{Yang}, X. and {Mo}, H.~J. and {van den Bosch}, F.~C.},
    title = "{Galaxy Groups in the SDSS DR4. III. The Luminosity and Stellar Mass Functions}",
  journal = {\apj},
archivePrefix = "arXiv",
   eprint = {0808.0539},
 keywords = {dark matter, galaxies: halos, large-scale structure of universe, methods: statistical},
     year = 2009,
    month = apr,
   volume = 695,
    pages = {900-916},
      doi = {10.1088/0004-637X/695/2/900},
   adsurl = {http://adsabs.harvard.edu/abs/2009ApJ...695..900Y},
  adsnote = {Provided by the SAO/NASA Astrophysics Data System}
}


@ARTICLE{2003ApJS..149..289B,
   author = {{Bell}, E.~F. and {McIntosh}, D.~H. and {Katz}, N. and {Weinberg}, M.~D.
	},
    title = "{The Optical and Near-Infrared Properties of Galaxies. I. Luminosity and Stellar Mass Functions}",
  journal = {\apjs},
   eprint = {astro-ph/0302543},
 keywords = {Galaxies: Evolution, Galaxies: General, Galaxies: Luminosity Function, Mass Function, Galaxies: Stellar Content},
     year = 2003,
    month = dec,
   volume = 149,
    pages = {289-312},
      doi = {10.1086/378847},
   adsurl = {http://adsabs.harvard.edu/abs/2003ApJS..149..289B},
  adsnote = {Provided by the SAO/NASA Astrophysics Data System}
}

@ARTICLE{2018MNRAS.475.2936K,
   author = {{Knebe}, A. and {Pearce}, F.~R. and {Gonzalez-Perez}, V. and 
	{Thomas}, P.~A. and {Benson}, A. and {Asquith}, R. and {Blaizot}, J. and 
	{Bower}, R. and {Carretero}, J. and {Castander}, F.~J. and {Cattaneo}, A. and 
	{Cora}, S.~A. and {Croton}, D.~J. and {Cui}, W. and {Cunnama}, D. and 
	{Devriendt}, J.~E. and {Elahi}, P.~J. and {Font}, A. and {Fontanot}, F. and 
	{Gargiulo}, I.~D. and {Helly}, J. and {Henriques}, B. and {Lee}, J. and 
	{Mamon}, G.~A. and {Onions}, J. and {Padilla}, N.~D. and {Power}, C. and 
	{Pujol}, A. and {Ruiz}, A.~N. and {Srisawat}, C. and {Stevens}, A.~R.~H. and 
	{Tollet}, E. and {Vega-Mart{\'{\i}}nez}, C.~A. and {Yi}, S.~K.
	},
    title = "{Cosmic CARNage I: on the calibration of galaxy formation models}",
  journal = {\mnras},
archivePrefix = "arXiv",
   eprint = {1712.06420},
 keywords = {methods: analytical, methods: numerical, galaxies: evolution, galaxies: haloes, dark matter, cosmology: theory},
     year = 2018,
    month = apr,
   volume = 475,
    pages = {2936-2954},
      doi = {10.1093/mnras/stx3274},
   adsurl = {http://adsabs.harvard.edu/abs/2018MNRAS.475.2936K},
  adsnote = {Provided by the SAO/NASA Astrophysics Data System}
}


@ARTICLE{2013ApJ...768...76S,
   author = {{Scott}, N. and {Graham}, A.~W. and {Schombert}, J.},
    title = "{The Supermassive Black Hole Mass-Spheroid Stellar Mass Relation for S{\'e}rsic and Core-S{\'e}rsic Galaxies}",
  journal = {\apj},
archivePrefix = "arXiv",
   eprint = {1303.5490},
 keywords = {black hole physics, galaxies: bulges, galaxies: fundamental parameters, galaxies: nuclei},
     year = 2013,
    month = may,
   volume = 768,
      eid = {76},
    pages = {76},
      doi = {10.1088/0004-637X/768/1/76},
   adsurl = {http://adsabs.harvard.edu/abs/2013ApJ...768...76S},
  adsnote = {Provided by the SAO/NASA Astrophysics Data System}
}


@ARTICLE{2008ApJ...686..892T,
   author = {{Thornton}, C.~E. and {Barth}, A.~J. and {Ho}, L.~C. and {Rutledge}, R.~E. and 
	{Greene}, J.~E.},
    title = "{The Host Galaxy and Central Engine of the Dwarf Active Galactic Nucleus POX 52}",
  journal = {\apj},
archivePrefix = "arXiv",
   eprint = {0807.1535},
 keywords = {galaxies: active, galaxies: dwarf, galaxies: individual: POX 52, galaxies: nuclei, galaxies: Seyfert, X-rays: galaxies},
     year = 2008,
    month = oct,
   volume = 686,
      eid = {892-910},
    pages = {892-910},
      doi = {10.1086/591519},
   adsurl = {http://adsabs.harvard.edu/abs/2008ApJ...686..892T},
  adsnote = {Provided by the SAO/NASA Astrophysics Data System}
}


@ARTICLE{2011ApJ...737L..45J,
   author = {{Jiang}, Y.-F. and {Greene}, J.~E. and {Ho}, L.~C.},
    title = "{Black Hole Mass and Bulge Luminosity for Low-mass Black Holes}",
  journal = {\apjl},
archivePrefix = "arXiv",
   eprint = {1107.4103},
 primaryClass = "astro-ph.CO",
 keywords = {galaxies: active, galaxies: nuclei, methods: observational},
     year = 2011,
    month = aug,
   volume = 737,
      eid = {L45},
    pages = {L45},
      doi = {10.1088/2041-8205/737/2/L45},
   adsurl = {http://adsabs.harvard.edu/abs/2011ApJ...737L..45J},
  adsnote = {Provided by the SAO/NASA Astrophysics Data System}
}


@ARTICLE{2014MNRAS.445.1261S,
   author = {{Sanghvi}, J. and {Kotilainen}, J.~K. and {Falomo}, R. and {Decarli}, R. and 
	{Karhunen}, K. and {Uslenghi}, M.},
    title = "{The black hole-host galaxy relation for very low mass quasars}",
  journal = {\mnras},
archivePrefix = "arXiv",
   eprint = {1409.1948},
 keywords = {galaxies: active, galaxies: bulges, galaxies: evolution, galaxies: high-redshift, galaxies: nuclei, quasars: general},
     year = 2014,
    month = dec,
   volume = 445,
    pages = {1261-1268},
      doi = {10.1093/mnras/stu1822},
   adsurl = {http://adsabs.harvard.edu/abs/2014MNRAS.445.1261S},
  adsnote = {Provided by the SAO/NASA Astrophysics Data System}
}


@ARTICLE{2013ApJ...770....3J,
   author = {{Jiang}, N. and {Ho}, L.~C. and {Dong}, X.-B. and {Yang}, H. and 
	{Wang}, J.},
    title = "{UM 625 Revisited: Multiwavelength Study of a Seyfert 1 Galaxy with a Low-mass Black Hole}",
  journal = {\apj},
archivePrefix = "arXiv",
   eprint = {1304.5807},
 keywords = {galaxies: active, galaxies: individual: UM 625, galaxies: nuclei, galaxies: Seyfert, X-rays: galaxies},
     year = 2013,
    month = jun,
   volume = 770,
      eid = {3},
    pages = {3},
      doi = {10.1088/0004-637X/770/1/3},
   adsurl = {http://adsabs.harvard.edu/abs/2013ApJ...770....3J},
  adsnote = {Provided by the SAO/NASA Astrophysics Data System}
}

@ARTICLE{2014ApJ...782...55Y,
   author = {{Yuan}, W. and {Zhou}, H. and {Dou}, L. and {Dong}, X.-B. and 
	{Fan}, X. and {Wang}, T.-G.},
    title = "{Chandra and MMT Observations of Low-mass Black Hole Active Galactic Nuclei Accreting at Low Rates in Dwarf Galaxies}",
  journal = {\apj},
archivePrefix = "arXiv",
   eprint = {1401.5331},
 keywords = {galaxies: active, galaxies: nuclei, galaxies: Seyfert, X-rays: galaxies},
     year = 2014,
    month = feb,
   volume = 782,
      eid = {55},
    pages = {55},
      doi = {10.1088/0004-637X/782/1/55},
   adsurl = {http://adsabs.harvard.edu/abs/2014ApJ...782...55Y},
  adsnote = {Provided by the SAO/NASA Astrophysics Data System}
}

@ARTICLE{2013ApJ...775..116R,
   author = {{Reines}, A.~E. and {Greene}, J.~E. and {Geha}, M.},
    title = "{Dwarf Galaxies with Optical Signatures of Active Massive Black Holes}",
  journal = {\apj},
archivePrefix = "arXiv",
   eprint = {1308.0328},
 keywords = {galaxies: active, galaxies: dwarf, galaxies: nuclei, galaxies: Seyfert},
     year = 2013,
    month = oct,
   volume = 775,
      eid = {116},
    pages = {116},
      doi = {10.1088/0004-637X/775/2/116},
   adsurl = {http://adsabs.harvard.edu/abs/2013ApJ...775..116R},
  adsnote = {Provided by the SAO/NASA Astrophysics Data System}
}

@ARTICLE{2012ApJ...754..146M,
   author = {{Mathur}, S. and {Fields}, D. and {Peterson}, B.~M. and {Grupe}, D.
	},
    title = "{Supermassive Black Holes, Pseudobulges, and the Narrow-line Seyfert 1 Galaxies}",
  journal = {\apj},
archivePrefix = "arXiv",
   eprint = {1102.0537},
 keywords = {galaxies: active, galaxies: nuclei, galaxies: spiral},
     year = 2012,
    month = aug,
   volume = 754,
      eid = {146},
    pages = {146},
      doi = {10.1088/0004-637X/754/2/146},
   adsurl = {http://adsabs.harvard.edu/abs/2012ApJ...754..146M},
  adsnote = {Provided by the SAO/NASA Astrophysics Data System}
}

@ARTICLE{2014A&A...561A.140B,
   author = {{Busch}, G. and {Zuther}, J. and {Valencia-S.}, M. and {Moser}, L. and 
	{Fischer}, S. and {Eckart}, A. and {Scharw{\"a}chter}, J. and 
	{Gadotti}, D.~A. and {Wisotzki}, L.},
    title = "{A low-luminosity type-1 QSO sample. I. Overluminous host spheroidals or undermassive black holes}",
  journal = {\aap},
archivePrefix = "arXiv",
   eprint = {1310.0272},
 keywords = {galaxies: active, quasars: general, galaxies: Seyfert},
     year = 2014,
    month = jan,
   volume = 561,
      eid = {A140},
    pages = {A140},
      doi = {10.1051/0004-6361/201322486},
   adsurl = {http://adsabs.harvard.edu/abs/2014A%26A...561A.140B},
  adsnote = {Provided by the SAO/NASA Astrophysics Data System}
}

@ARTICLE{2007AJ....133.2222S,
   author = {{Shen}, Y. and {Strauss}, M.~A. and {Oguri}, M. and {Hennawi}, J.~F. and 
	{Fan}, X. and {Richards}, G.~T. and {Hall}, P.~B. and {Gunn}, J.~E. and 
	{Schneider}, D.~P. and {Szalay}, A.~S. and {Thakar}, A.~R. and 
	{Vanden Berk}, D.~E. and {Anderson}, S.~F. and {Bahcall}, N.~A. and 
	{Connolly}, A.~J. and {Knapp}, G.~R.},
    title = "{Clustering of High-Redshift (z $\gt$= 2.9) Quasars from the Sloan Digital Sky Survey}",
  journal = {\aj},
   eprint = {astro-ph/0702214},
 keywords = {cosmology: observations, large-scale structure of universe, quasars: general, surveys},
     year = 2007,
    month = may,
   volume = 133,
    pages = {2222-2241},
      doi = {10.1086/513517},
   adsurl = {http://adsabs.harvard.edu/abs/2007AJ....133.2222S},
  adsnote = {Provided by the SAO/NASA Astrophysics Data System}
}


@ARTICLE{2009ApJ...697.1656S,
   author = {{Shen}, Y. and {Strauss}, M.~A. and {Ross}, N.~P. and {Hall}, P.~B. and 
	{Lin}, Y.-T. and {Richards}, G.~T. and {Schneider}, D.~P. and 
	{Weinberg}, D.~H. and {Connolly}, A.~J. and {Fan}, X. and {Hennawi}, J.~F. and 
	{Shankar}, F. and {Vanden Berk}, D.~E. and {Bahcall}, N.~A. and 
	{Brunner}, R.~J.},
    title = "{Quasar Clustering from SDSS DR5: Dependences on Physical Properties}",
  journal = {\apj},
archivePrefix = "arXiv",
   eprint = {0810.4144},
 keywords = {black hole physics, cosmology: observations, galaxies: active, large-scale structure of universe, quasars: general, surveys},
     year = 2009,
    month = jun,
   volume = 697,
    pages = {1656-1673},
      doi = {10.1088/0004-637X/697/2/1656},
   adsurl = {http://adsabs.harvard.edu/abs/2009ApJ...697.1656S},
  adsnote = {Provided by the SAO/NASA Astrophysics Data System}
}

@ARTICLE{2015MNRAS.453.2779E,
   author = {{Eftekharzadeh}, S. and {Myers}, A.~D. and {White}, M. and {Weinberg}, D.~H. and 
	{Schneider}, D.~P. and {Shen}, Y. and {Font-Ribera}, A. and 
	{Ross}, N.~P. and {Paris}, I. and {Streblyanska}, A.},
    title = "{Clustering of intermediate redshift quasars using the final SDSS III-BOSS sample}",
  journal = {\mnras},
archivePrefix = "arXiv",
   eprint = {1507.08380},
 keywords = {galaxies: quasars: general, cosmology: observations, dark matter, large-scale structure of Universe},
     year = 2015,
    month = nov,
   volume = 453,
    pages = {2779-2798},
      doi = {10.1093/mnras/stv1763},
   adsurl = {http://adsabs.harvard.edu/abs/2015MNRAS.453.2779E},
  adsnote = {Provided by the SAO/NASA Astrophysics Data System}
}

@ARTICLE{2018PASJ...70S..33H,
   author = {{He}, W. and {Akiyama}, M. and {Bosch}, J. and {Enoki}, M. and 
	{Harikane}, Y. and {Ikeda}, H. and {Kashikawa}, N. and {Kawaguchi}, T. and 
	{Komiyama}, Y. and {Lee}, C.-H. and {Matsuoka}, Y. and {Miyazaki}, S. and 
	{Nagao}, T. and {Nagashima}, M. and {Niida}, M. and {Nishizawa}, A.~J. and 
	{Oguri}, M. and {Onoue}, M. and {Oogi}, T. and {Ouchi}, M. and 
	{Schulze}, A. and {Shirasaki}, Y. and {Silverman}, J.~D. and 
	{Tanaka}, M.~M. and {Tanaka}, M. and {Toba}, Y. and {Uchiyama}, H. and 
	{Yamashita}, T.},
    title = "{Clustering of quasars in a wide luminosity range at redshift 4 with Subaru Hyper Suprime-Cam Wide-field imaging}",
  journal = {\pasj},
archivePrefix = "arXiv",
   eprint = {1704.08461},
 keywords = {cosmology: observations, large-scale structure of universe, galaxies: active, galaxies: evolution, galaxies: high-redshift},
     year = 2018,
    month = jan,
   volume = 70,
      eid = {S33},
    pages = {S33},
      doi = {10.1093/pasj/psx129},
   adsurl = {http://adsabs.harvard.edu/abs/2018PASJ...70S..33H},
  adsnote = {Provided by the SAO/NASA Astrophysics Data System}
}

@ARTICLE{2016MNRAS.459.1179C,
   author = {{Chehade}, B. and {Shanks}, T. and {Findlay}, J. and {Metcalfe}, N. and 
	{Sawangwit}, U. and {Irwin}, M. and {Gonz{\'a}lez-Solares}, E. and 
	{Fine}, S. and {Drinkwater}, M.~J. and {Croom}, S. and {Jurek}, R.~J. and 
	{Parkinson}, D. and {Bielby}, R.},
    title = "{The 2QDES Pilot: the luminosity and redshift dependence of quasar clustering}",
  journal = {\mnras},
archivePrefix = "arXiv",
   eprint = {1603.04849},
 keywords = {catalogues, surveys, galaxies: active, quasars: general, galaxies: Seyfert},
     year = 2016,
    month = jun,
   volume = 459,
    pages = {1179-1200},
      doi = {10.1093/mnras/stw616},
   adsurl = {http://adsabs.harvard.edu/abs/2016MNRAS.459.1179C},
  adsnote = {Provided by the SAO/NASA Astrophysics Data System}
}

@ARTICLE{2017A&A...600A..97R,
   author = {{Retana-Montenegro}, E. and {R{\"o}ttgering}, H.~J.~A.},
    title = "{Probing the radio loud/quiet AGN dichotomy with quasar clustering}",
  journal = {\aap},
archivePrefix = "arXiv",
   eprint = {1611.08630},
 keywords = {quasars: general, quasars: supermassive black holes, radio continuum: galaxies, galaxies: high-redshift},
     year = 2017,
    month = apr,
   volume = 600,
      eid = {A97},
    pages = {A97},
      doi = {10.1051/0004-6361/201526433},
   adsurl = {http://adsabs.harvard.edu/abs/2017A%26A...600A..97R},
  adsnote = {Provided by the SAO/NASA Astrophysics Data System}
}

@ARTICLE{2007ApJ...654..731H,
   author = {{Hopkins}, P.~F. and {Richards}, G.~T. and {Hernquist}, L.},
    title = "{An Observational Determination of the Bolometric Quasar Luminosity Function}",
  journal = {\apj},
   eprint = {astro-ph/0605678},
 keywords = {Cosmology: Observations, Galaxies: Active, Galaxies: Evolution, Galaxies: Luminosity Function, Mass Function, Infrared: Galaxies, Galaxies: Quasars: General, Ultraviolet: Galaxies, X-Rays: Galaxies},
     year = 2007,
    month = jan,
   volume = 654,
    pages = {731-753},
      doi = {10.1086/509629},
   adsurl = {http://adsabs.harvard.edu/abs/2007ApJ...654..731H},
  adsnote = {Provided by the SAO/NASA Astrophysics Data System}
}

@ARTICLE{2003A&A...408..499W,
   author = {{Wolf}, C. and {Wisotzki}, L. and {Borch}, A. and {Dye}, S. and 
	{Kleinheinrich}, M. and {Meisenheimer}, K.},
    title = "{The evolution of faint AGN between z  =\~{}  1 and z =\~{} 5 from the COMBO-17 survey}",
  journal = {\aap},
   eprint = {astro-ph/0304072},
 keywords = {surveys, galaxies: active, galaxies: Seyfert, quasars: general},
     year = 2003,
    month = sep,
   volume = 408,
    pages = {499-514},
      doi = {10.1051/0004-6361:20030990},
   adsurl = {http://adsabs.harvard.edu/abs/2003A%26A...408..499W},
  adsnote = {Provided by the SAO/NASA Astrophysics Data System}
}

@ARTICLE{2007A&A...472..443B,
   author = {{Bongiorno}, A. and {Zamorani}, G. and {Gavignaud}, I. and {Marano}, B. and 
	{Paltani}, S. and {Mathez}, G. and {M{\o}ller}, P. and {Picat}, J.~P. and 
	{Cirasuolo}, M. and {Lamareille}, F. and {Bottini}, D. and {Garilli}, B. and 
	{Le Brun}, V. and {Le F{\`e}vre}, O. and {Maccagni}, D. and 
	{Scaramella}, R. and {Scodeggio}, M. and {Tresse}, L. and {Vettolani}, G. and 
	{Zanichelli}, A. and {Adami}, C. and {Arnouts}, S. and {Bardelli}, S. and 
	{Bolzonella}, M. and {Cappi}, A. and {Charlot}, S. and {Ciliegi}, P. and 
	{Contini}, T. and {Foucaud}, S. and {Franzetti}, P. and {Guzzo}, L. and 
	{Ilbert}, O. and {Iovino}, A. and {McCracken}, H.~J. and {Marinoni}, C. and 
	{Mazure}, A. and {Meneux}, B. and {Merighi}, R. and {Pell{\`o}}, R. and 
	{Pollo}, A. and {Pozzetti}, L. and {Radovich}, M. and {Zucca}, E. and 
	{Hatziminaoglou}, E. and {Polletta}, M. and {Bondi}, M. and 
	{Brinchmann}, J. and {Cucciati}, O. and {de la Torre}, S. and 
	{Gregorini}, L. and {Mellier}, Y. and {Merluzzi}, P. and {Temporin}, S. and 
	{Vergani}, D. and {Walcher}, C.~J.},
    title = "{The VVDS type-1 AGN sample: the faint end of the luminosity function}",
  journal = {\aap},
archivePrefix = "arXiv",
   eprint = {0704.1660},
 keywords = {surveys, galaxies: high-redshift, galaxies: quasars: general, galaxies: luminosity function, mass function},
     year = 2007,
    month = sep,
   volume = 472,
    pages = {443-454},
      doi = {10.1051/0004-6361:20077611},
   adsurl = {http://adsabs.harvard.edu/abs/2007A%26A...472..443B},
  adsnote = {Provided by the SAO/NASA Astrophysics Data System}
}

@ARTICLE{2009MNRAS.399.1755C,
   author = {{Croom}, S.~M. and {Richards}, G.~T. and {Shanks}, T. and {Boyle}, B.~J. and 
	{Strauss}, M.~A. and {Myers}, A.~D. and {Nichol}, R.~C. and 
	{Pimbblet}, K.~A. and {Ross}, N.~P. and {Schneider}, D.~P. and 
	{Sharp}, R.~G. and {Wake}, D.~A.},
    title = "{The 2dF-SDSS LRG and QSO survey: the QSO luminosity function at 0.4 $\lt$ z $\lt$ 2.6}",
  journal = {\mnras},
archivePrefix = "arXiv",
   eprint = {0907.2727},
 keywords = {galaxies: active , quasars: general , galaxies: Seyfert},
     year = 2009,
    month = nov,
   volume = 399,
    pages = {1755-1772},
      doi = {10.1111/j.1365-2966.2009.15398.x},
   adsurl = {http://adsabs.harvard.edu/abs/2009MNRAS.399.1755C},
  adsnote = {Provided by the SAO/NASA Astrophysics Data System}
}


@ARTICLE{2013A&A...551A..29P,
   author = {{Palanque-Delabrouille}, N. and {Magneville}, C. and {Y{\`e}che}, C. and 
	{Eftekharzadeh}, S. and {Myers}, A.~D. and {Petitjean}, P. and 
	{P{\^a}ris}, I. and {Aubourg}, E. and {McGreer}, I. and {Fan}, X. and 
	{Dey}, A. and {Schlegel}, D. and {Bailey}, S. and {Bizayev}, D. and 
	{Bolton}, A. and {Dawson}, K. and {Ebelke}, G. and {Ge}, J. and 
	{Malanushenko}, E. and {Malanushenko}, V. and {Oravetz}, D. and 
	{Pan}, K. and {Ross}, N.~P. and {Schneider}, D.~P. and {Sheldon}, E. and 
	{Simmons}, A. and {Tinker}, J. and {White}, M. and {Willmer}, C.
	},
    title = "{Luminosity function from dedicated SDSS-III and MMT data of quasars in 0.7 $\lt$ z $\lt$ 4.0 selected with a new approach}",
  journal = {\aap},
archivePrefix = "arXiv",
   eprint = {1209.3968},
 primaryClass = "astro-ph.CO",
 keywords = {quasars: general, dark energy, surveys},
     year = 2013,
    month = mar,
   volume = 551,
      eid = {A29},
    pages = {A29},
      doi = {10.1051/0004-6361/201220379},
   adsurl = {http://adsabs.harvard.edu/abs/2013A%26A...551A..29P},
  adsnote = {Provided by the SAO/NASA Astrophysics Data System}
}


@ARTICLE{2005MNRAS.360..839R,
   author = {{Richards}, G.~T. and {Croom}, S.~M. and {Anderson}, S.~F. and 
	{Bland-Hawthorn}, J. and {Boyle}, B.~J. and {De Propris}, R. and 
	{Drinkwater}, M.~J. and {Fan}, X. and {Gunn}, J.~E. and {Ivezi{\'c}}, {\v Z}. and 
	{Jester}, S. and {Loveday}, J. and {Meiksin}, A. and {Miller}, L. and 
	{Myers}, A. and {Nichol}, R.~C. and {Outram}, P.~J. and {Pimbblet}, K.~A. and 
	{Roseboom}, I.~G. and {Ross}, N. and {Schneider}, D.~P. and 
	{Shanks}, T. and {Sharp}, R.~G. and {Stoughton}, C. and {Strauss}, M.~A. and 
	{Szalay}, A.~S. and {Vanden Berk}, D.~E. and {York}, D.~G.},
    title = "{The 2dF-SDSS LRG and QSO (2SLAQ) Survey: the z $\lt$ 2.1 quasar luminosity function from 5645 quasars to g= 21.85}",
  journal = {\mnras},
   eprint = {astro-ph/0504300},
 keywords = {surveys, galaxies: active, quasars: general, galaxies: Seyfert, cosmology: observations},
     year = 2005,
    month = jul,
   volume = 360,
    pages = {839-852},
      doi = {10.1111/j.1365-2966.2005.09096.x},
   adsurl = {http://adsabs.harvard.edu/abs/2005MNRAS.360..839R},
  adsnote = {Provided by the SAO/NASA Astrophysics Data System}
}

@ARTICLE{2004ApJ...605..625H,
   author = {{Hunt}, M.~P. and {Steidel}, C.~C. and {Adelberger}, K.~L. and 
	{Shapley}, A.~E.},
    title = "{The Faint End of the QSO Luminosity Function at z=3}",
  journal = {\apj},
   eprint = {astro-ph/0312041},
 keywords = {Galaxies: High-Redshift, Galaxies: Quasars: General},
     year = 2004,
    month = apr,
   volume = 605,
    pages = {625-630},
      doi = {10.1086/381727},
   adsurl = {http://adsabs.harvard.edu/abs/2004ApJ...605..625H},
  adsnote = {Provided by the SAO/NASA Astrophysics Data System}
}

@ARTICLE{2006MNRAS.372.1575D,
   author = {{Dijkstra}, M. and {Stuart}, J. and {Wyithe}, B.},
    title = "{Ly{$\alpha$} constraints on very low luminosity active galactic nuclei}",
  journal = {\mnras},
   eprint = {astro-ph/0606334},
 keywords = {galaxies: high-redshift, quasars: general, cosmology: theory},
     year = 2006,
    month = nov,
   volume = 372,
    pages = {1575-1584},
      doi = {10.1111/j.1365-2966.2006.10939.x},
   adsurl = {http://adsabs.harvard.edu/abs/2006MNRAS.372.1575D},
  adsnote = {Provided by the SAO/NASA Astrophysics Data System}
}

@ARTICLE{2010AJ....139..906W,
   author = {{Willott}, C.~J. and {Delorme}, P. and {Reyl{\'e}}, C. and {Albert}, L. and 
	{Bergeron}, J. and {Crampton}, D. and {Delfosse}, X. and {Forveille}, T. and 
	{Hutchings}, J.~B. and {McLure}, R.~J. and {Omont}, A. and {Schade}, D.
	},
    title = "{The Canada-France High-z Quasar Survey: Nine New Quasars and the Luminosity Function at Redshift 6}",
  journal = {\aj},
archivePrefix = "arXiv",
   eprint = {0912.0281},
 keywords = {cosmology: observations, quasars: emission lines, quasars: general},
     year = 2010,
    month = mar,
   volume = 139,
    pages = {906-918},
      doi = {10.1088/0004-6256/139/3/906},
   adsurl = {http://adsabs.harvard.edu/abs/2010AJ....139..906W},
  adsnote = {Provided by the SAO/NASA Astrophysics Data System}
}

@ARTICLE{2011ApJ...728L..26G,
   author = {{Glikman}, E. and {Djorgovski}, S.~G. and {Stern}, D. and {Dey}, A. and 
	{Jannuzi}, B.~T. and {Lee}, K.-S.},
    title = "{The Faint End of the Quasar Luminosity Function at z \~{} 4: Implications for Ionization of the Intergalactic Medium and Cosmic Downsizing}",
  journal = {\apjl},
archivePrefix = "arXiv",
   eprint = {1101.0537},
 keywords = {cosmology: observations, galaxies: luminosity function, mass function, large-scale structure of universe, quasars: general, surveys},
     year = 2011,
    month = feb,
   volume = 728,
      eid = {L26},
    pages = {L26},
      doi = {10.1088/2041-8205/728/2/L26},
   adsurl = {http://adsabs.harvard.edu/abs/2011ApJ...728L..26G},
  adsnote = {Provided by the SAO/NASA Astrophysics Data System}
}


@ARTICLE{2012ApJ...755..169M,
   author = {{Masters}, D. and {Capak}, P. and {Salvato}, M. and {Civano}, F. and 
	{Mobasher}, B. and {Siana}, B. and {Hasinger}, G. and {Impey}, C.~D. and 
	{Nagao}, T. and {Trump}, J.~R. and {Ikeda}, H. and {Elvis}, M. and 
	{Scoville}, N.},
    title = "{Evolution of the Quasar Luminosity Function over 3 $\lt$ z $\lt$ 5 in the COSMOS Survey Field}",
  journal = {\apj},
archivePrefix = "arXiv",
   eprint = {1207.2154},
 keywords = {cosmology: observations, galaxies: luminosity function, mass function, Galaxy: evolution, quasars: general},
     year = 2012,
    month = aug,
   volume = 755,
      eid = {169},
    pages = {169},
      doi = {10.1088/0004-637X/755/2/169},
   adsurl = {http://adsabs.harvard.edu/abs/2012ApJ...755..169M},
  adsnote = {Provided by the SAO/NASA Astrophysics Data System}
}

@ARTICLE{2013ApJ...768..105M,
   author = {{McGreer}, I.~D. and {Jiang}, L. and {Fan}, X. and {Richards}, G.~T. and 
	{Strauss}, M.~A. and {Ross}, N.~P. and {White}, M. and {Shen}, Y. and 
	{Schneider}, D.~P. and {Myers}, A.~D. and {Brandt}, W.~N. and 
	{DeGraf}, C. and {Glikman}, E. and {Ge}, J. and {Streblyanska}, A.
	},
    title = "{The z = 5 Quasar Luminosity Function from SDSS Stripe 82}",
  journal = {\apj},
archivePrefix = "arXiv",
   eprint = {1212.4493},
 keywords = {quasars: general},
     year = 2013,
    month = may,
   volume = 768,
      eid = {105},
    pages = {105},
      doi = {10.1088/0004-637X/768/2/105},
   adsurl = {http://adsabs.harvard.edu/abs/2013ApJ...768..105M},
  adsnote = {Provided by the SAO/NASA Astrophysics Data System}
}

@ARTICLE{2015A&A...578A..83G,
   author = {{Giallongo}, E. and {Grazian}, A. and {Fiore}, F. and {Fontana}, A. and 
	{Pentericci}, L. and {Vanzella}, E. and {Dickinson}, M. and 
	{Kocevski}, D. and {Castellano}, M. and {Cristiani}, S. and 
	{Ferguson}, H. and {Finkelstein}, S. and {Grogin}, N. and {Hathi}, N. and 
	{Koekemoer}, A.~M. and {Newman}, J.~A. and {Salvato}, M.},
    title = "{Faint AGNs at z $\gt$ 4 in the CANDELS GOODS-S field: looking for contributors to the reionization of the Universe}",
  journal = {\aap},
archivePrefix = "arXiv",
   eprint = {1502.02562},
 keywords = {quasars: general, dark ages, reionization, first stars},
     year = 2015,
    month = jun,
   volume = 578,
      eid = {A83},
    pages = {A83},
      doi = {10.1051/0004-6361/201425334},
   adsurl = {http://adsabs.harvard.edu/abs/2015A%26A...578A..83G},
  adsnote = {Provided by the SAO/NASA Astrophysics Data System}
}

@ARTICLE{2005MNRAS.360..839R,
   author = {{Richards}, G.~T. and {Croom}, S.~M. and {Anderson}, S.~F. and 
	{Bland-Hawthorn}, J. and {Boyle}, B.~J. and {De Propris}, R. and 
	{Drinkwater}, M.~J. and {Fan}, X. and {Gunn}, J.~E. and {Ivezi{\'c}}, {\v Z}. and 
	{Jester}, S. and {Loveday}, J. and {Meiksin}, A. and {Miller}, L. and 
	{Myers}, A. and {Nichol}, R.~C. and {Outram}, P.~J. and {Pimbblet}, K.~A. and 
	{Roseboom}, I.~G. and {Ross}, N. and {Schneider}, D.~P. and 
	{Shanks}, T. and {Sharp}, R.~G. and {Stoughton}, C. and {Strauss}, M.~A. and 
	{Szalay}, A.~S. and {Vanden Berk}, D.~E. and {York}, D.~G.},
    title = "{The 2dF-SDSS LRG and QSO (2SLAQ) Survey: the z $\lt$ 2.1 quasar luminosity function from 5645 quasars to g= 21.85}",
  journal = {\mnras},
   eprint = {astro-ph/0504300},
 keywords = {surveys, galaxies: active, quasars: general, galaxies: Seyfert, cosmology: observations},
     year = 2005,
    month = jul,
   volume = 360,
    pages = {839-852},
      doi = {10.1111/j.1365-2966.2005.09096.x},
   adsurl = {http://adsabs.harvard.edu/abs/2005MNRAS.360..839R},
  adsnote = {Provided by the SAO/NASA Astrophysics Data System}
}

@ARTICLE{2012ApJ...746..169S,
   author = {{Shen}, Y. and {Kelly}, B.~C.},
    title = "{The Demographics of Broad-line Quasars in the Mass-Luminosity Plane. I. Testing FWHM-based Virial Black Hole Masses}",
  journal = {\apj},
archivePrefix = "arXiv",
   eprint = {1107.4372},
 keywords = {black hole physics, galaxies: active, quasars: general, surveys},
     year = 2012,
    month = feb,
   volume = 746,
      eid = {169},
    pages = {169},
      doi = {10.1088/0004-637X/746/2/169},
   adsurl = {http://adsabs.harvard.edu/abs/2012ApJ...746..169S},
  adsnote = {Provided by the SAO/NASA Astrophysics Data System}
}

@ARTICLE{2016ApJ...833..222J,
   author = {{Jiang}, L. and {McGreer}, I.~D. and {Fan}, X. and {Strauss}, M.~A. and 
	{Ba{\~n}ados}, E. and {Becker}, R.~H. and {Bian}, F. and {Farnsworth}, K. and 
	{Shen}, Y. and {Wang}, F. and {Wang}, R. and {Wang}, S. and 
	{White}, R.~L. and {Wu}, J. and {Wu}, X.-B. and {Yang}, J. and 
	{Yang}, Q.},
    title = "{The Final SDSS High-redshift Quasar Sample of 52 Quasars at z$\gt$5.7}",
  journal = {\apj},
archivePrefix = "arXiv",
   eprint = {1610.05369},
 keywords = {galaxies: active, galaxies: high-redshift, quasars: emission lines, quasars: general},
     year = 2016,
    month = dec,
   volume = 833,
      eid = {222},
    pages = {222},
      doi = {10.3847/1538-4357/833/2/222},
   adsurl = {http://adsabs.harvard.edu/abs/2016ApJ...833..222J},
  adsnote = {Provided by the SAO/NASA Astrophysics Data System}
}

@ARTICLE{2012ApJ...756...14S,
   author = {{Smit}, R. and {Bouwens}, R.~J. and {Franx}, M. and {Illingworth}, G.~D. and 
	{Labb{\'e}}, I. and {Oesch}, P.~A. and {van Dokkum}, P.~G.},
    title = "{The Star Formation Rate Function for Redshift z \~{} 4-7 Galaxies: Evidence for a Uniform Buildup of Star-forming Galaxies during the First 3 Gyr of Cosmic Time}",
  journal = {\apj},
archivePrefix = "arXiv",
   eprint = {1204.3626},
 keywords = {galaxies: evolution, galaxies: high-redshift},
     year = 2012,
    month = sep,
   volume = 756,
      eid = {14},
    pages = {14},
      doi = {10.1088/0004-637X/756/1/14},
   adsurl = {http://adsabs.harvard.edu/abs/2012ApJ...756...14S},
  adsnote = {Provided by the SAO/NASA Astrophysics Data System}
}

@ARTICLE{2011A&A...533A.119E,
   author = {{Elbaz}, D. and {Dickinson}, M. and {Hwang}, H.~S. and {D{\'{\i}}az-Santos}, T. and 
	{Magdis}, G. and {Magnelli}, B. and {Le Borgne}, D. and {Galliano}, F. and 
	{Pannella}, M. and {Chanial}, P. and {Armus}, L. and {Charmandaris}, V. and 
	{Daddi}, E. and {Aussel}, H. and {Popesso}, P. and {Kartaltepe}, J. and 
	{Altieri}, B. and {Valtchanov}, I. and {Coia}, D. and {Dannerbauer}, H. and 
	{Dasyra}, K. and {Leiton}, R. and {Mazzarella}, J. and {Alexander}, D.~M. and 
	{Buat}, V. and {Burgarella}, D. and {Chary}, R.-R. and {Gilli}, R. and 
	{Ivison}, R.~J. and {Juneau}, S. and {Le Floc'h}, E. and {Lutz}, D. and 
	{Morrison}, G.~E. and {Mullaney}, J.~R. and {Murphy}, E. and 
	{Pope}, A. and {Scott}, D. and {Brodwin}, M. and {Calzetti}, D. and 
	{Cesarsky}, C. and {Charlot}, S. and {Dole}, H. and {Eisenhardt}, P. and 
	{Ferguson}, H.~C. and {F{\"o}rster Schreiber}, N. and {Frayer}, D. and 
	{Giavalisco}, M. and {Huynh}, M. and {Koekemoer}, A.~M. and 
	{Papovich}, C. and {Reddy}, N. and {Surace}, C. and {Teplitz}, H. and 
	{Yun}, M.~S. and {Wilson}, G.},
    title = "{GOODS-Herschel: an infrared main sequence for star-forming galaxies}",
  journal = {\aap},
archivePrefix = "arXiv",
   eprint = {1105.2537},
 keywords = {galaxies: active, infrared: galaxies, galaxies: evolution, galaxies: starburst},
     year = 2011,
    month = sep,
   volume = 533,
      eid = {A119},
    pages = {A119},
      doi = {10.1051/0004-6361/201117239},
   adsurl = {http://adsabs.harvard.edu/abs/2011A%26A...533A.119E},
  adsnote = {Provided by the SAO/NASA Astrophysics Data System}
}

@ARTICLE{2009A&A...504..751S,
   author = {{Santini}, P. and {Fontana}, A. and {Grazian}, A. and {Salimbeni}, S. and 
	{Fiore}, F. and {Fontanot}, F. and {Boutsia}, K. and {Castellano}, M. and 
	{Cristiani}, S. and {de Santis}, C. and {Gallozzi}, S. and {Giallongo}, E. and 
	{Menci}, N. and {Nonino}, M. and {Paris}, D. and {Pentericci}, L. and 
	{Vanzella}, E.},
    title = "{Star formation and mass assembly in high redshift galaxies}",
  journal = {\aap},
archivePrefix = "arXiv",
   eprint = {0905.0683},
 keywords = {galaxies: evolution, galaxies: high-redshift, galaxies: fundamental parameters, galaxies: photometry, galaxies: starburst},
     year = 2009,
    month = sep,
   volume = 504,
    pages = {751-767},
      doi = {10.1051/0004-6361/200811434},
   adsurl = {http://adsabs.harvard.edu/abs/2009A%26A...504..751S},
  adsnote = {Provided by the SAO/NASA Astrophysics Data System}
}

@ARTICLE{2010AJ....140..663G,
   author = {{Gurovich}, S. and {Freeman}, K. and {Jerjen}, H. and {Staveley-Smith}, L. and 
	{Puerari}, I.},
    title = "{The Slope of the Baryonic Tully-Fisher Relation}",
  journal = {\aj},
archivePrefix = "arXiv",
   eprint = {1004.4365},
 keywords = {cosmology: observations, dark matter, galaxies: evolution, galaxies: formation},
     year = 2010,
    month = sep,
   volume = 140,
    pages = {663-676},
      doi = {10.1088/0004-6256/140/3/663},
   adsurl = {http://adsabs.harvard.edu/abs/2010AJ....140..663G},
  adsnote = {Provided by the SAO/NASA Astrophysics Data System}
}

@ARTICLE{2017MNRAS.472.2009Q,
   author = {{Qin}, Y. and {Mutch}, S.~J. and {Poole}, G.~B. and {Liu}, C. and 
	{Angel}, P.~W. and {Duffy}, A.~R. and {Geil}, P.~M. and {Mesinger}, A. and 
	{Wyithe}, J.~S.~B.},
    title = "{Dark-ages reionization and galaxy formation simulation - X. The small contribution of quasars to reionization}",
  journal = {\mnras},
archivePrefix = "arXiv",
   eprint = {1703.04895},
 keywords = {methods: numerical, galaxies: formation, galaxies: high-redshift, quasars: supermassive black holes},
     year = 2017,
    month = dec,
   volume = 472,
    pages = {2009-2027},
      doi = {10.1093/mnras/stx1909},
   adsurl = {http://adsabs.harvard.edu/abs/2017MNRAS.472.2009Q},
  adsnote = {Provided by the SAO/NASA Astrophysics Data System}
}

